<record><leader>00000cas a2200000 a 4500</leader><controlfield tag="001">12046206</controlfield><controlfield tag="008">850517d19041923ksuwr ne      0    0eng d</controlfield><datafield ind1=" " ind2=" " tag="010"><subfield code="a">sn 85030504 </subfield></datafield><datafield ind1=" " ind2=" " tag="040"><subfield code="a">KSH</subfield><subfield code="b">eng</subfield><subfield code="c">KSH</subfield><subfield code="d">NPT</subfield><subfield code="d">OCL</subfield><subfield code="d">OCLCQ</subfield></datafield><datafield ind1=" " ind2=" " tag="042"><subfield code="a">msc</subfield></datafield><datafield ind1="0" ind2="0" tag="245"><subfield code="a">Scottsville advance.</subfield></datafield><datafield ind1=" " ind2=" " tag="260"><subfield code="a">Scottsville, Kan. :</subfield><subfield code="b">Ed Hill</subfield></datafield><datafield ind1=" " ind2=" " tag="300"><subfield code="a">v. :</subfield><subfield code="b">ill. ;</subfield><subfield code="c">54 cm.</subfield></datafield><datafield ind1=" " ind2=" " tag="310"><subfield code="a">Weekly</subfield></datafield><datafield ind1="1" ind2=" " tag="362"><subfield code="a">Began in 1904.</subfield><subfield code="z">Cf. Ayer, 1907.</subfield></datafield><datafield ind1="1" ind2=" " tag="362"><subfield code="a">Ceased with Sept. 27, 1923 issue?</subfield></datafield><datafield ind1=" " ind2=" " tag="500"><subfield code="a">Publisher varies.</subfield></datafield><datafield ind1=" " ind2=" " tag="515"><subfield code="a">Suspended with Sept. 26, 1918 issue; resumed with June 2, 1921 issue; numbering is duplicated, issues for Mar. 21-Sept. 26, 1918 and June 2-Dec. 15, 1921 numbered v. 15, nos. 1-28.</subfield></datafield><datafield ind1=" " ind2=" " tag="525"><subfield code="a">Supplements included.</subfield></datafield><datafield ind1=" " ind2=" " tag="588"><subfield code="a">Description based on: Vol. 1, no. 16 (June 30, 1904).</subfield></datafield><datafield ind1=" " ind2=" " tag="752"><subfield code="a">United States</subfield><subfield code="b">Kansas</subfield><subfield code="c">Mitchell</subfield><subfield code="d">Scottsville.</subfield></datafield></record>